
@misc{filtering,
  title={Filtering},
  author={"http://people.cs.aau.dk/~normark/"/},
  year={2013},
  howpublished = "\url{http://people.cs.aau.dk/~normark/pp/higher-order-fu-slide-more-filtering.html}",
  note = "[Online; Accessed 17-10-2014]"
}
